<?xml version="1.0" encoding="UTF-8"?><record xmlns="http://www.loc.gov/MARC21/slim" xmlns:cinclude="http://apache.org/cocoon/include/1.0" xmlns:zs="http://www.loc.gov/zing/srw/">
  <leader>00458nz  a2200133n  4500</leader>
  <controlfield tag="001">n  87932839 </controlfield>
  <controlfield tag="003">DLC</controlfield>
  <controlfield tag="005">19870814092923.1</controlfield>
  <controlfield tag="008">870701n| acannaab|          |n aaa |||  </controlfield>
  <datafield tag="010" ind1=" " ind2=" ">
    <subfield code="a">n  87932839 </subfield>
  </datafield>
  <datafield tag="040" ind1=" " ind2=" ">
    <subfield code="a">DLC</subfield>
    <subfield code="c">DLC</subfield>
    <subfield code="d">DLC</subfield>
  </datafield>
  <datafield tag="100" ind1="1" ind2="0">
    <subfield code="a">Hula, Richard C.,</subfield>
    <subfield code="d">1947-</subfield>
  </datafield>
  <datafield tag="670" ind1=" " ind2=" ">
    <subfield code="a">Market-based public policy, 1988:</subfield>
    <subfield code="b">CIP t.p. (Richard C. Hula, assoc. prof., Dept. of Family and Community, Univ. of Md.)</subfield>
  </datafield>
  <datafield tag="670" ind1=" " ind2=" ">
    <subfield code="a">LC data base, 6-30-87</subfield>
    <subfield code="b">(hdg.: Hula, Richard C., 1947- )</subfield>
  </datafield>
</record>